3325 4775
1220 371 1337 431 1o
1818 332 2227 466 Epistola
2274 335 2410 432 ad

1208 543 1552 662 delere,
1589 546 1816 677 quia
1857 541 2424 642 Christianis
2454 547 3038 648 Cannaden-

1208 682 1451 783 fibus
1525 684 2145 783 confoederati
2198 687 2414 785 sunt
2475 687 2815 786 multis
2866 690 3036 792 ab·-

1212 826 1439 924 hinc
1491 826 1787 926 annis.
1985 887 1992 893 ·
2089 828 2229 926 Ea
2304 828 2687 940 scilicet,
2742 831 3039 964 potis-

1210 966 1447 1066 fimfi
1500 971 1619 1068 de
1695 968 1961 1068 caus
1924 1005 1978 1067 a
2038 970 2340 1069 noster
2390 970 3063 1070 Illustriffimus

1211 1111 1811 1210 Gubernator
1853 1110 2431 1211 Kebecenfis
2468 1113 3039 1247 ampliffimfi

1212 1258 1727 1352 Comerciu
1779 1282 1886 1352 et
1930 1258 2417 1387 ingentem
2488 1292 2659 1389 pro
2708 1291 3034 1390 sump-

1212 1397 1471 1494 tibus
1491 1377 1714 1493 belli
1753 1393 2546 1528 gratificationem
2588 1434 2741 1495 me
2778 1398 3058 1495 vobis

1211 1536 1545 1636 offerre
1581 1536 1844 1672 juffit
1899 1542 2284 1636 nomine
2324 1540 2519 1658 sUO,
2550 1566 2649 1636 vt
2686 1575 2741 1636 a
2779 1539 3035 1636 noua

1215 1679 1572 1813 Anglia
1657 1679 2023 1814 aliquot
2104 1680 2657 1779 Auxiliares
2722 1681 3058 1815 copias

1211 1826 1657 1958 impetret
1736 1823 1854 1920 ad
1943 1820 2620 1941 defensionem,
2707 1825 3036 1957 (quam

1212 1966 1575 2063 iamdiu
1675 1964 2070 2097 suscepit
2168 1991 2499 2062 contra
2596 1963 3037 2097 Moaghs)

1212 2106 1857 2204 Christianorfi
1885 2105 2586 2225 Cannadenfifi‚
2616 2132 2712 2204 et
2743 2144 3036 2240 quam

1208 2246 1391 2346 vna
1464 2246 1858 2346 simulac
1900 2247 2235 2345 eadem
2295 2247 2613 2383 opera,
2670 2251 2769 2345 in
2822 2285 3037 2381 gra-

1212 2395 1444 2489 tiam
1547 2387 2448 2488 Akenebekenfium
2549 2390 3034 2489 Catechu-

1210 2549 1646 2652 menor'fl,
1727 2530 2521 2653 confoederatorfi‚
2582 2535 2751 2667 qui
2826 2533 3053 2629 sunt‘

1212 2674 1734 2809 Populares
1765 2683 1865 2770 N
1872 2711 2072 2771 ouae
2127 2673 2535 2807 Angliae,
2592 2699 2686 2770 et
2736 2706 3034 2805 pecu-—

1212 2816 1496 2914 liares
1552 2814 1980 2921 Coloniae
2059 2810 2819 2948 Pleymbthenfis
2851 2810 3029 2909 cli-

1209 2958 1498 3076 entes,
1598 2955 1803 3055 vult
1902 2992 2462 3089 promouere
2584 2991 2757 3090 pro
2872 2952 3039 3049 suo

1208 3137 1430 3232 erga
1479 3099 1959 3231 Saluagios
2014 3095 2604 3196 Christianos
2657 3092 3030 3193 affeetu,

1498 3252 1817 3379 Quare
1849 3241 2153 3373 sperat
2192 3267 2285 3338 vt
2325 3237 3038 3375 quemadmodu

1211 3384 1621 3482 Colonia
1692 3380 1977 3480 vestra
2066 3377 2865 3516 Kenetigsscenfis
2938 3382 3040 3474 in
