3325 4775
755 485 759 489 ‚
802 341 1081 468 Dom,
1149 339 1290 436 W
1278 336 1675 468 inthrop.
2100 371 2152 462 7

325 539 707 683 accepi3
800 585 915 643 eo
989 541 1378 664 scilicet,
1463 549 1839 680 opinor,
1921 537 2210 643 con-s

167 753 179 761 *
321 690 561 809 filio,
618 729 673 787 a
724 698 939 786 Deo
1013 716 1212 823 opt.
1269 725 1528 784 max.
1583 686 1966 785 Γαὲὶυῐῐι
1990 689 2150 806 est,

325 861 427 931 vt
479 833 655 930 tibi
706 829 1272 930 deberemus
1303 827 1699 927 faeli'cem
1759 823 2150 992 exitum,

327 968 564 1071 eius
598 972 920 1091 causae,
988 972 1272 1069 cuius
1325 974 1722 1068 initium
1789 999 1882 1069 et
1956 976 2154 1106 pri-

279 1113 697 1214 -mordia
769 1143 979 1212 tuo
1009 1114 1297 1211 nobis
1353 1108 1769 1212 maxime
1842 1114 2155 1210 obser-

329 1255 646 1356 uando
686 1259 1063 1356 Parenti
1105 1248 1712 1398 debebamus.
1798 1249 2154 1352 Totam

293 1398 644 1498 'autem
713 1393 1357 1537 >huiusmodi
1357 1391 1767 1495 causam
1870 1393 2177 1494 fufius
2317 1418 2322 1422 ’

331 1540 826 1675 postquam
866 1539 1314 1674 explicui·
1349 1576 1666 1636 coram
1720 1532 2150 1637 Bostoni-

298 1680 526 1784 'enfi
577 1710 670 1780 et
715 1676 1417 1816 Pleymssthenfi
1459 1675 2146 1799 Gubernatore,

327 1824 583 1922 votis
656 1823 1116 1923 omnibus
1180 1823 1742 1955 expetebam
1823 1861 2149 1962 meum

327 1970 504 2063 iter
539 1965 975 2105 prosequi
1017 1978 1318 2062 versus
1371 2003 1580 2062 eam
1610 2003 1908 2140 quam
1960 2003 2150 2063 nuc

329 2106 683 2205 incolis
744 2105 1317 2254 regionem,
1311 2145 1520 2212 nec
1608 2103 1804 2204 tam
1887 2109 2151 2204 niues

318 2251 891 2386 importunae
942 2287 1096 2346 me
1155 2247 1804 2383 prohibuerut,
1862 2246 2151 2413 quam
2290 2297 2298 2304 ·

327 2393 848 2489 auctoritas
925 2392 1343 2523 plurium
1419 2395 1729 2489 viroru
1779 2396 2144 2524 grauiu,

325 2530 1095 2665 dissuadentium,
1200 2532 1557 2665 quibus
1652 2533 2152 2632 obseruan—

316 2677 563 2772 'tiam
645 2658 976 2792 debeo,
1052 2711 1208 2770 me
1294 2691 1789 2773 reuocarut
1877 2676 2152 2811 Pley-

327 2833 482 2913 m&
498 2813 665 2913 tho
796 2814 1292 2914 Bostonem
1318 2879 1363 2891 -
1771 2814 2153 2914 tantum

320 2953 566 3053 mihi
638 2961 832 3091 spei
902 2956 1418 3090 affulgebat
1490 2997 1607 3055 ex
1684 2958 1848 3056 tua
1935 2986 2154 3092 erga

331 3099 897 3229 Peregrinos
995 3098 1629 3232 quantulibet
1711 3094 2174 3199 Barbaros

328 3236 965 3358 humanitate,
1011 3267 1109 3337 vt
1160 3238 1398 3336 mihi
1475 3244 1663 3338 iam
1719 3244 1836 3339 ab
1885 3234 2170 3339 annis
2289 3234 2293 3241 ⁸

288 3382 685 3477 'nouem
735 3384 1007 3480 inter
1029 3383 1491 3481 Barbaros
1528 3384 2073 3481 docendos
2051 3421 2152 3480 1n

286 3521 627 3657 '-sy.luis
655 3524 990 3659 procul
1039 3526 1158 3622 ab
1198 3523 1877 3660 Europaeorum
1918 3564 2155 3647 con-‚-
